<?xml version="1.0" encoding="UTF-8"?><collection xmlns="http://www.loc.gov/MARC21/slim"><record><leader>00622nam--2200205-i-4500</leader><controlfield tag="001">000020717</controlfield><controlfield tag="002">20161230</controlfield><controlfield tag="005">20161230201033</controlfield><controlfield tag="008">060222s1000------------r-----000-0-eng-d</controlfield><datafield ind1=" " ind2=" " tag="020"><subfield code="a">88864090502</subfield></datafield><datafield ind1=" " ind2=" " tag="040"><subfield code="a">IFIN-HH</subfield></datafield><datafield ind1=" " ind2=" " tag="080"><subfield code="a">539.1.076(061.3)</subfield></datafield><datafield ind1="1" ind2=" " tag="100"><subfield code="a">Baldini, R</subfield></datafield><datafield ind1="1" ind2="0" tag="245"><subfield code="a">Workshop on physics and detectors for dafne 95</subfield><subfield code="c">R. baldini, f. bossi, g. capon, g. pancheri (eds.)</subfield></datafield><datafield ind1=" " ind2=" " tag="260"><subfield code="a">Frascati, Italy</subfield><subfield code="b">Infn Laboratori Nationali Di Frascati</subfield><subfield code="c">1995</subfield></datafield><datafield ind1=" " ind2=" " tag="300"><subfield code="a">660 P</subfield></datafield><datafield ind1=" " ind2=" " tag="490"><subfield code="a">Frascati Physics Series</subfield></datafield><datafield ind1="1" ind2=" " tag="700"><subfield code="a">Pancheri, G</subfield></datafield><datafield ind1=" " ind2=" " tag="852"><subfield code="a">80621</subfield><subfield code="c">539.1.07:539.1.08</subfield></datafield><datafield ind1=" " ind2=" " tag="CAT"><subfield code="a">Sys</subfield><subfield code="c">20111101</subfield><subfield code="h">090240</subfield></datafield></record></collection>